@article{regr,
title = {Behavioral economics implementation: Regret lottery improves Health patient study adherence},
journal = {Contemporary Clinical Trials Communications},
volume = {15},
pages = {100387},
year = {2019},
issn = {2451-8654},
doi = {https://doi.org/10.1016/j.conctc.2019.100387},
url = {https://www.sciencedirect.com/science/article/pii/S2451865419300092},
author = {S. Ali Husain and Keith M. Diaz and Joseph E. Schwartz and Faith E. Parsons and Matthew M. Burg and Karina W. Davidson and Ian M. Kronish}
}