@article{adhere,
author = {Humphrey, Colman H. and Small, Dylan S. and Jensen, Shane T. and Volpp, Kevin G. and Asch, David A. and Zhu, Jingsan and Troxel, Andrea B.},
title = {Modeling lottery incentives for daily adherence},
journal = {Statistics in Medicine},
volume = {38},
number = {15},
pages = {2847-2867},
keywords = {autocorrelated, binary, incentive, interrupted time series, lottery, quasi-experiment},
doi = {https://doi.org/10.1002/sim.8149},
url = {https://onlinelibrary.wiley.com/doi/abs/10.1002/sim.8149},
eprint = {https://onlinelibrary.wiley.com/doi/pdf/10.1002/sim.8149},
year = {2019}
}

