@article{fama1997,
  title={Industry costs of equity},
  author={Fama, Eugene F and French, Kenneth R},
  journal={Journal of financial economics},
  volume={43},
  number={2},
  pages={153--193},
  year={1997},
  publisher={Elsevier}
}

@Manual{stat,
    title = {Latest Vaccine Statistics},
    author = {RSA},
    organization = {Department of Health},
    year = {2021},
    URL = {https://sacoronavirus.co.za/latest-vaccine-statistics/}
  }

@Manual{herd,
    title = {COVID-19 Coronavirus vaccine},
    author = {RSA},
    organization = {Department of Health},
    year = {2021},
    URL = {https://www.gov.za/covid-19/vaccine/vaccine}
  }

@article{grinold2000,
  title={Active portfolio management},
  author={Grinold, Richard C and Kahn, Ronald N},
  year={2000},
  publisher={McGraw Hill New York, NY}
}

@article{regret,
  title={An Experiment Evaluating the Impact of Large-Scale, High-Payoff Vaccine Regret Lotteries},
  author={Gandhi, Linnea and Milkman, Katherine L. and Ellis, Sean and Graci, Heather and Gromet, Dena and Mobarak, Rayyan and Buttenheim, Alison and Duckworth, Angela and Pope, Devin G. and Stanford, Ala and Thaler, Richard H. and Volpp, Kevin},
  year={2021},
  URL={http://dx.doi.org/10.2139/ssrn.3904365}
}

  @Manual{Texevier,
    title = {{Texevier}: {P}ackage to create Elsevier templates for Rmarkdown},
    author = {N.F. Katzke},
    organization = {Bureau for Economic Research},
    address = {Stellenbosch, South Africa},
    note = {version 0.1.2},
    year = {2017},
  }